<record><leader>00000cas a22000007a 4500</leader><controlfield tag="001">9385785</controlfield><controlfield tag="008">830407d19081914mtudn ne      0   a0eng d</controlfield><datafield ind1=" " ind2=" " tag="010"><subfield code="a">sn 83025317 </subfield></datafield><datafield ind1=" " ind2=" " tag="040"><subfield code="a">NPV</subfield><subfield code="b">eng</subfield><subfield code="c">NPV</subfield><subfield code="d">MTL</subfield><subfield code="d">OCLCQ</subfield></datafield><datafield ind1=" " ind2=" " tag="042"><subfield code="a">msc</subfield></datafield><datafield ind1=" " ind2=" " tag="043"><subfield code="a">n-us-mt</subfield></datafield><datafield ind1=" " ind2=" " tag="045"><subfield code="a">x0x1</subfield></datafield><datafield ind1=" " ind2=" " tag="052"><subfield code="a">4253</subfield><subfield code="b">P3</subfield></datafield><datafield ind1="0" ind2="0" tag="245"><subfield code="a">Livingston daily post.</subfield></datafield><datafield ind1="1" ind2="7" tag="246"><subfield code="a">Livingston post</subfield></datafield><datafield ind1=" " ind2=" " tag="260"><subfield code="a">Livingston, Mont. :</subfield><subfield code="b">A.M. Alderson</subfield></datafield><datafield ind1=" " ind2=" " tag="300"><subfield code="a">v. :</subfield><subfield code="b">ill. ;</subfield><subfield code="c">54-56 cm.</subfield></datafield><datafield ind1=" " ind2=" " tag="310"><subfield code="a">Daily (except Sun.)</subfield></datafield><datafield ind1="1" ind2=" " tag="362"><subfield code="a">Began in 1908.</subfield><subfield code="z">Cf. Gregory, W. Amer. newspapers.</subfield></datafield><datafield ind1=" " ind2=" " tag="500"><subfield code="a">"Democratic." Cf. Ayer, 1912.</subfield></datafield><datafield ind1=" " ind2=" " tag="500"><subfield code="a">Thursday edition consisted of the Livingston post (a weekly), June 5, 1913-Apr. 30, 1914.</subfield></datafield><datafield ind1=" " ind2=" " tag="580"><subfield code="a">Merged with: Daily enterprise (Livingston, Mont. : 1910), to form: Livingston enterprise (Livingston, Mont. : Daily).</subfield></datafield><datafield ind1=" " ind2=" " tag="588"><subfield code="a">Description based on: Vol. 1, no. 165 (Feb. 10, 1909).</subfield></datafield><datafield ind1=" " ind2=" " tag="752"><subfield code="a">United States</subfield><subfield code="b">Montana</subfield><subfield code="c">Park</subfield><subfield code="d">Livingston.</subfield></datafield><datafield ind1="1" ind2=" " tag="775"><subfield code="t">Livingston post</subfield><subfield code="w">(DLC)sn 86075263</subfield></datafield><datafield ind1="0" ind2="7" tag="785"><subfield code="t">Daily enterprise (Livingston, Mont. : 1910)</subfield><subfield code="w">(DLC)sn 86075264</subfield></datafield><datafield ind1="0" ind2="7" tag="785"><subfield code="t">Livingston enterprise (Livingston, Mont. : Daily)</subfield><subfield code="w">(DLC)sn 86075265</subfield></datafield><datafield ind1="1" ind2=" " tag="029"><subfield code="a">AU@</subfield><subfield code="b">000025811277</subfield></datafield></record>